% Encoding: UTF-8

@Misc{biopac,
  author = {BIOPAC Systems Inc.},
  title  = {IIF vs. FIR filters},
  year   = {2014},
  note   = {(Ãºltima visita 11/07/2017).},
  url    = {https://www.biopac.com/knowledge-base/iir-vs-fir-filters/},
}


@Comment{jabref-meta: databaseType:bibtex;}
